@article{stock&watson1989indexes,
	title={New indexes of coincident and leading economic indicators},
	author={Stock, James H and Watson, Mark W},
	journal={NBER macroeconomics annual},
	volume={4},
	pages={351--394},
	year={1989},
	publisher={MIT press}
}

@article{dickey1979distribution,
	title={Distribution of the estimators for autoregressive time series with a unit root},
	author={Dickey, David A and Fuller, Wayne A},
	journal={Journal of the American statistical association},
	volume={74},
	number={366a},
	pages={427--431},
	year={1979},
	publisher={Taylor \& Francis}
}

@article{engle1987co,
	title={Co-integration and error correction: representation, estimation, and testing},
	author={Engle, Robert F and Granger, Clive WJ},
	journal={Econometrica: journal of the Econometric Society},
	pages={251--276},
	year={1987},
	publisher={JSTOR}
}